<?xml version="1.0" encoding="UTF-8"?><collection xmlns="http://www.loc.gov/MARC21/slim"><record><leader>00423nam--2200145-i-4500</leader><controlfield tag="001">000031815</controlfield><controlfield tag="002">20161230</controlfield><controlfield tag="005">20161230201038</controlfield><controlfield tag="008">060222s1000------------r-----000-0-eng-d</controlfield><datafield ind1=" " ind2=" " tag="080"><subfield code="a">517.547.26(043)</subfield></datafield><datafield ind1="1" ind2=" " tag="100"><subfield code="a">Mauclaire, Jean-loup</subfield></datafield><datafield ind1="1" ind2="0" tag="245"><subfield code="a">Contribution a la theorie des fonctions additives. these</subfield></datafield><datafield ind1=" " ind2=" " tag="260"><subfield code="a">Orsay, La Faculte Des Science D`Orsay, 1977, 61p</subfield></datafield><datafield ind1=" " ind2=" " tag="852"><subfield code="a">44821</subfield><subfield code="c">517.5</subfield></datafield><datafield ind1=" " ind2=" " tag="CAT"><subfield code="a">Sys</subfield><subfield code="c">20080806</subfield><subfield code="h">125033</subfield></datafield></record></collection>